<?xml version="1.0" encoding="UTF-8"?><collection xmlns="http://www.loc.gov/MARC21/slim"><record><leader>00380nam--2200133-i-4500</leader><controlfield tag="001">000030547</controlfield><controlfield tag="002">20161230</controlfield><controlfield tag="005">20161230201038</controlfield><controlfield tag="008">060222s1000------------r-----000-0-eng-d</controlfield><datafield ind1=" " ind2=" " tag="080"><subfield code="a">627.82:621.311.21</subfield></datafield><datafield ind1=" " ind2=" " tag="100"><subfield code="a">Mojevitinov, A.L</subfield></datafield><datafield ind1=" " ind2=" " tag="245"><subfield code="a">Barajele uzinelor hidroelectrice. trad.din l.rusa. numai pt.documentare</subfield></datafield><datafield ind1=" " ind2=" " tag="260"><subfield code="a">Bucuresti, Ed.Energ.De Stat, 1954, 98p</subfield></datafield><datafield ind1=" " ind2=" " tag="852"><subfield code="a">3202</subfield></datafield></record></collection>